<record><leader>00000cas a22000007a 4500</leader><controlfield tag="001">5359298</controlfield><controlfield tag="008">790911c197u9999mauwr ne      0   a0eng d</controlfield><datafield ind1=" " ind2=" " tag="010"><subfield code="a">sn 79008500 </subfield></datafield><datafield ind1=" " ind2=" " tag="040"><subfield code="a">NSD</subfield><subfield code="b">eng</subfield><subfield code="c">NSD</subfield><subfield code="d">MGN</subfield><subfield code="d">OCLCQ</subfield></datafield><datafield ind1=" " ind2=" " tag="012"><subfield code="k">1</subfield><subfield code="m">d</subfield></datafield><datafield ind1="1" ind2=" " tag="022"><subfield code="a">0194-276X</subfield><subfield code="l">0194-276X</subfield><subfield code="2">1</subfield></datafield><datafield ind1=" " ind2=" " tag="042"><subfield code="a">nsdp</subfield><subfield code="a">msc</subfield></datafield><datafield ind1="0" ind2=" " tag="130"><subfield code="a">Suburban news (Reading, Mass.)</subfield></datafield><datafield ind1=" " ind2="4" tag="222"><subfield code="a">The Suburban news</subfield><subfield code="b">(Reading)</subfield></datafield><datafield ind1="1" ind2="4" tag="245"><subfield code="a">The Suburban news.</subfield></datafield><datafield ind1=" " ind2=" " tag="260"><subfield code="a">[Reading, MA] :</subfield><subfield code="b">Franklin Pub. Co.</subfield></datafield><datafield ind1=" " ind2=" " tag="300"><subfield code="a">v.</subfield></datafield><datafield ind1=" " ind2=" " tag="500"><subfield code="a">Serves Reading, North Reading, Lynnfield, Andover, Wilmington, North Andover, and Middleton.</subfield></datafield><datafield ind1=" " ind2=" " tag="588"><subfield code="a">Description based on: Oct. 20, 1980.</subfield></datafield><datafield ind1=" " ind2=" " tag="752"><subfield code="a">United States</subfield><subfield code="b">Massachusetts</subfield><subfield code="c">Middlesex</subfield><subfield code="d">Reading.</subfield></datafield><datafield ind1=" " ind2=" " tag="936"><subfield code="a">Apr. 9, 1979</subfield></datafield></record>